<?xml version="1.0" encoding="UTF-8"?><record xmlns="http://www.loc.gov/MARC21/slim" xmlns:cinclude="http://apache.org/cocoon/include/1.0" xmlns:zs="http://www.loc.gov/zing/srw/">
  <leader>00484cz  a2200145n  4500</leader>
  <controlfield tag="001">n  84143646 </controlfield>
  <controlfield tag="003">DLC</controlfield>
  <controlfield tag="005">20081121081059.0</controlfield>
  <controlfield tag="008">840927n| acannaabn          |a aaa      </controlfield>
  <datafield tag="010" ind1=" " ind2=" ">
    <subfield code="a">n  84143646 </subfield>
  </datafield>
  <datafield tag="035" ind1=" " ind2=" ">
    <subfield code="a">(OCoLC)oca01192346</subfield>
  </datafield>
  <datafield tag="040" ind1=" " ind2=" ">
    <subfield code="a">DLC</subfield>
    <subfield code="b">eng</subfield>
    <subfield code="c">DLC</subfield>
    <subfield code="d">DLC</subfield>
    <subfield code="d">OCoLC</subfield>
  </datafield>
  <datafield tag="100" ind1="1" ind2=" ">
    <subfield code="a">Wilson, Laurie,</subfield>
    <subfield code="d">1920-1980</subfield>
  </datafield>
  <datafield tag="400" ind1="1" ind2=" ">
    <subfield code="a">Wilson, Laurence George,</subfield>
    <subfield code="d">1920-1980</subfield>
  </datafield>
  <datafield tag="670" ind1=" " ind2=" ">
    <subfield code="a">Boddington, J. Laurie Wilson, 1982:</subfield>
    <subfield code="b">t.p. (Laurie Wilson) p. 5 (Laurence George Wilson, b. 8/16/20) p. 10 (d. 9/8/80)</subfield>
  </datafield>
</record>